<collection xmlns="http://www.loc.gov/MARC21/slim">
<record>
  <leader>01645nam0a2200277 i 450 </leader>
  <controlfield tag="001">IT\ICCU\CNCE\019166</controlfield>
  <controlfield tag="005">20071018000000.0</controlfield>
  <datafield tag="012" ind1=" " ind2=" ">
    <subfield code="a">saio dora hehe *osu (3) 1588 (R)</subfield>
    <subfield code="2">fei</subfield>
  </datafield>
  <datafield tag="100" ind1=" " ind2=" ">
    <subfield code="a">19970101d1588        0itac0103    ba</subfield>
  </datafield>
  <datafield tag="101" ind1=" " ind2=" ">
    <subfield code="a">ITA</subfield>
  </datafield>
  <datafield tag="102" ind1=" " ind2=" ">
    <subfield code="a">IT</subfield>
  </datafield>
  <datafield tag="200" ind1="1" ind2=" ">
    <subfield code="a">Fioretti di s. Francesco: n ̈quali si contiene la vita, et i miracoli, che egli fece per diuerse parti del mondo. Di bellissimi \!! figure adornati, &amp; poste al principio d&apos;ogni capitolo dell&apos;opera. Nuouamente in miglior lingua ridotti, et con somma diligentia corretti, et ristampati</subfield>
  </datafield>
  <datafield tag="210" ind1=" " ind2=" ">
    <subfield code="a">In Vinegia</subfield>
    <subfield code="c">appresso Gio. Antonio Rampazetto</subfield>
    <subfield code="d">1588</subfield>
  </datafield>
  <datafield tag="215" ind1=" " ind2=" ">
    <subfield code="a">98, \4! c.</subfield>
    <subfield code="c">ill.</subfield>
    <subfield code="d">8ʻ</subfield>
  </datafield>
  <datafield tag="500" ind1="1" ind2="1">
    <subfield code="3">IT\ICCU\CNCE\019160</subfield>
    <subfield code="a">Fioretti di s. Francesco</subfield>
  </datafield>
  <datafield tag="620" ind1=" " ind2=" ">
    <subfield code="a">IT</subfield>
    <subfield code="d">Venezia</subfield>
  </datafield>
  <datafield tag="712" ind1="0" ind2="0">
    <subfield code="a">Rampazetto, Giovanni Antonio</subfield>
    <subfield code="3">IT\ICCU\CNCT\000323</subfield>
    <subfield code="4">650</subfield>
  </datafield>
  <datafield tag="791" ind1="0" ind2="0">
    <subfield code="a">Rampazzetto, Giovanni Antonio</subfield>
    <subfield code="3">IT\ICCU\CNCT\005290</subfield>
    <subfield code="z">Rampazetto, Giovanni Antonio</subfield>
  </datafield>
  <datafield tag="791" ind1="0" ind2="0">
    <subfield code="a">Rampazettus, Ioannes Antonius</subfield>
    <subfield code="3">IT\ICCU\CNCT\005291</subfield>
    <subfield code="z">Rampazetto, Giovanni Antonio</subfield>
  </datafield>
  <datafield tag="791" ind1="0" ind2="0">
    <subfield code="a">Rampazetus, Ioannes Antonius</subfield>
    <subfield code="3">IT\ICCU\CNCT\005292</subfield>
    <subfield code="z">Rampazetto, Giovanni Antonio</subfield>
  </datafield>
  <datafield tag="801" ind1=" " ind2="3">
    <subfield code="a">IT</subfield>
    <subfield code="b">ICCU</subfield>
    <subfield code="c">20201114</subfield>
  </datafield>
  <datafield tag="899" ind1=" " ind2=" ">
    <subfield code="a">Biblioteca provinciale dei Frati minori dell&apos;Emilia. Sezione Biblioteca dell&apos;Osservanza. Bologna</subfield>
    <subfield code="1">BO0336</subfield>
    <subfield code="2">ZBO 41</subfield>
  </datafield>
  <datafield tag="899" ind1=" " ind2=" ">
    <subfield code="a"></subfield>
    <subfield code="1">LE0131</subfield>
    <subfield code="2">LEK LW</subfield>
  </datafield>
  <datafield tag="899" ind1=" " ind2=" ">
    <subfield code="a">Biblioteca della collegiata S. Pietro Apostolo. Broni</subfield>
    <subfield code="1">PV0012</subfield>
    <subfield code="2">ZPV 05</subfield>
  </datafield>
  <datafield tag="911" ind1=" " ind2=" ">
    <subfield code="a">Sul front.</subfield>
    <subfield code="9">IT\ICCU\CNCM\000070</subfield>
  </datafield>
  <datafield tag="921" ind1=" " ind2=" ">
    <subfield code="a">IT\ICCU\CNCM\000070</subfield>
    <subfield code="b">Drago alita fiamme verso una colomba in volo. In cornice</subfield>
    <subfield code="e">Terrena coelestibus obsunt.</subfield>
    <subfield code="c">Z471</subfield>
    <subfield code="d">dimensioni 3 x 3</subfield>
    <subfield code="f">COLOMBA</subfield>
    <subfield code="f">DRAGO</subfield>
    <subfield code="f">TERRENACOE</subfield>
    <subfield code="g">1577-1598</subfield>
  </datafield>
</record>
</collection>
